@article{8413093,
author={S. {Marz} and B. T. {Vander Zanden} and W. {Gao}},
journal={IEEE Transactions on Mobile Computing},
title={Reducing Event Latency and Power Consumption in Mobile Devices by Using a Kernel-Level Display Server},
year={2018},
volume={},
number={},
pages={1-1},
keywords={Servers;Kernel;Mobile handsets;Rendering (computer graphics);Graphical user interfaces;Power demand;Androids;Graphical User Interfaces;Kernel Display Server;Event Handling},
doi={10.1109/TMC.2018.2857809},
ISSN={1536-1233},
month={},}
 
@article{Marz_BVZ_ESM,
 author = {Marz, Stephen and Zanden, Brad Vander},
 title = {Reducing Power Consumption and Latency in Mobile Devices Using an Event Stream Model},
 journal = {ACM Trans. Embed. Comput. Syst.},
 issue_date = {November 2016},
 volume = {16},
 number = {1},
 month = oct,
 year = {2016},
 issn = {1539-9087},
 pages = {11:1--11:24},
 articleno = {11},
 numpages = {24},
 url = {http://doi.acm.org/10.1145/2964203},
 doi = {10.1145/2964203},
 acmid = {2964203},
 publisher = {ACM},
 address = {New York, NY, USA},
 keywords = {Graphical user interfaces, kernel event stream model, mobile devices, power conservation, push model, reduced latency},
}

@inproceedings{Marz2018ReducingPC,
  title={Reducing Power Consumption and Latency in Mobile Devices by using a GUI Scheduler},
  author={Stephen Marz},
  year={2018}
}
